<record xmlns="http://www.loc.gov/MARC21/slim">
   <leader>03118cam a2200517 i 4500</leader>
   <controlfield tag="001">6815363</controlfield>
   <controlfield tag="003">OCoLC</controlfield>
   <controlfield tag="005">20150219121522.0</controlfield>
   <controlfield tag="008">140923t20152015mdu      b    001 0 eng  </controlfield>
   <datafield ind1=" " ind2=" " tag="010">
      <subfield code="a">  2014037064</subfield>
   </datafield>
   <datafield ind1="7" ind2=" " tag="016">
      <subfield code="a">101641919</subfield>
      <subfield code="2">DNLM</subfield>
   </datafield>
   <datafield ind1=" " ind2=" " tag="020">
      <subfield code="a">9781442235496</subfield>
      <subfield code="q">cloth : alk. paper</subfield>
   </datafield>
   <datafield ind1=" " ind2=" " tag="020">
      <subfield code="a">1442235497</subfield>
      <subfield code="q">cloth : alk. paper</subfield>
   </datafield>
   <datafield ind1=" " ind2=" " tag="020">
      <subfield code="z">9781442235502</subfield>
      <subfield code="q">ebook</subfield>
   </datafield>
   <datafield ind1=" " ind2=" " tag="035">
      <subfield code="a">ocn891354017</subfield>
   </datafield>
   <datafield ind1=" " ind2=" " tag="040">
      <subfield code="a">DNLM/DLC</subfield>
      <subfield code="b">eng</subfield>
      <subfield code="e">rda</subfield>
      <subfield code="c">DLC</subfield>
      <subfield code="d">YDX</subfield>
      <subfield code="d">BTCTA</subfield>
      <subfield code="d">NLM</subfield>
      <subfield code="d">YDXCP</subfield>
      <subfield code="d">BDX</subfield>
      <subfield code="d">UAB</subfield>
      <subfield code="d">AEU</subfield>
   </datafield>
   <datafield ind1=" " ind2=" " tag="042">
      <subfield code="a">pcc</subfield>
   </datafield>
   <datafield ind1=" " ind2=" " tag="043">
      <subfield code="a">u-at---</subfield>
   </datafield>
   <datafield ind1="0" ind2="4" tag="050">
      <subfield code="a">RJ506.P66</subfield>
      <subfield code="b">T73 2015</subfield>
   </datafield>
   <datafield ind1="0" ind2="0" tag="060">
      <subfield code="a">2015 A-639</subfield>
   </datafield>
   <datafield ind1="1" ind2="0" tag="060">
      <subfield code="a">WM 172.5</subfield>
   </datafield>
   <datafield ind1="0" ind2="0" tag="082">
      <subfield code="a">618.92/852100994</subfield>
      <subfield code="2">23</subfield>
   </datafield>
   <datafield ind1=" " ind2=" " tag="090">
      <subfield code="a">RJ 506 P66 T732 2015</subfield>
      <subfield code="b">AEU</subfield>
   </datafield>
   <datafield ind1="0" ind2="0" tag="245">
      <subfield code="a">Transgenerational trauma and the Aboriginal child :</subfield>
      <subfield code="b">healing through intervention /</subfield>
      <subfield code="c">edited by Norma Tracey ; foreword by Ursula Kim.</subfield>
   </datafield>
   <datafield ind1="1" ind2=" " tag="246">
      <subfield code="i">Title on cover :</subfield>
      <subfield code="a">Transgenerational trauma and the Aboriginal preschool child</subfield>
   </datafield>
   <datafield ind1=" " ind2="1" tag="264">
      <subfield code="a">Lanham, Maryland :</subfield>
      <subfield code="b">Rowman &amp; Littlefield,</subfield>
      <subfield code="c">[2015]</subfield>
   </datafield>
   <datafield ind1=" " ind2="4" tag="264">
      <subfield code="c">©2015</subfield>
   </datafield>
   <datafield ind1=" " ind2=" " tag="300">
      <subfield code="a">xxiii, 258 pages ;</subfield>
      <subfield code="c">24 cm.</subfield>
   </datafield>
   <datafield ind1=" " ind2=" " tag="336">
      <subfield code="a">text</subfield>
      <subfield code="b">txt</subfield>
      <subfield code="2">rdacontent</subfield>
   </datafield>
   <datafield ind1=" " ind2=" " tag="337">
      <subfield code="a">unmediated</subfield>
      <subfield code="b">n</subfield>
      <subfield code="2">rdamedia</subfield>
   </datafield>
   <datafield ind1=" " ind2=" " tag="338">
      <subfield code="a">volume</subfield>
      <subfield code="b">nc</subfield>
      <subfield code="2">rdacarrier</subfield>
   </datafield>
   <datafield ind1="1" ind2=" " tag="490">
      <subfield code="a">New imago</subfield>
   </datafield>
   <datafield ind1=" " ind2=" " tag="504">
      <subfield code="a">Includes bibliographical references and index.</subfield>
   </datafield>
   <datafield ind1="0" ind2=" " tag="505">
      <subfield code="a">Mirrored images : the story of many reflected in one Aboriginal family's journey / Jackie Stewart and Maria Losurdo -- Gunawirra and the Gunawirra Trauma Project : a background / Norma Tracey -- Building a floor for experience : a model for thinking about children's experience / Jeffrey L. Eaton -- Understanding trauma for Aboriginal preschool children : hearing their voices / Norma Tracey -- The neurobiological basis of trauma in early childhood / Shiri Hergass -- Trauma, childhood, and emotional resilience / Marilyn Charles -- The intergenerational transmission of trauma : effects on identity development in Aboriginal people / Marilyn Charles -- Working with our Aboriginal children : a country preschool teacher / Carolyn Leys -- Mr. Carrots counts the time / Judy King and Celia Conolly -- The five big ideas : a road forward / Shiri Hergass and Norma Tracey -- Using the weaving thoughts peer method to generate meaning : putting the bits and pieces together / Ionas Sapountzis and Judy King -- Hitting the wall : the hidden effects of caring relationships / Ingo Lambrecht and Aretha Paterson -- Art as an opening of a door to Aboriginal culture and identity / Graham Toomey.</subfield>
   </datafield>
   <datafield ind1=" " ind2=" " tag="596">
      <subfield code="a">41</subfield>
   </datafield>
   <datafield ind1=" " ind2="0" tag="650">
      <subfield code="a">Psychic trauma in children</subfield>
      <subfield code="z">Australia.</subfield>
   </datafield>
   <datafield ind1="1" ind2="2" tag="650">
      <subfield code="a">Child, Preschool</subfield>
      <subfield code="z">Australia.</subfield>
   </datafield>
   <datafield ind1="1" ind2="2" tag="650">
      <subfield code="a">Oceanic Ancestry Group</subfield>
      <subfield code="x">psychology</subfield>
      <subfield code="z">Australia.</subfield>
   </datafield>
   <datafield ind1="1" ind2="2" tag="650">
      <subfield code="a">Stress Disorders, Post-Traumatic</subfield>
      <subfield code="x">psychology</subfield>
      <subfield code="z">Australia.</subfield>
   </datafield>
   <datafield ind1="2" ind2="2" tag="650">
      <subfield code="a">Intergenerational Relations</subfield>
      <subfield code="z">Australia.</subfield>
   </datafield>
   <datafield ind1="2" ind2="2" tag="650">
      <subfield code="a">Social Environment</subfield>
      <subfield code="z">Australia.</subfield>
   </datafield>
   <datafield ind1="2" ind2="2" tag="650">
      <subfield code="a">Transference (Psychology)</subfield>
      <subfield code="z">Australia.</subfield>
   </datafield>
   <datafield ind1="1" ind2=" " tag="700">
      <subfield code="a">Tracey, Norma,</subfield>
      <subfield code="e">editor.</subfield>
   </datafield>
   <datafield ind1=" " ind2="0" tag="830">
      <subfield code="a">New imago.</subfield>
   </datafield>
   <datafield ind1=" " ind2=" " tag="949">
      <subfield code="a">RJ 506 P66 T732 2015</subfield>
      <subfield code="h">UAED-B</subfield>
      <subfield code="i">0162035246014</subfield>
   </datafield>
   <datafield ind1=" " ind2=" " tag="926">
      <subfield code="a">RJ 506 P66 T732 2015</subfield>
      <subfield code="w">LC</subfield>
      <subfield code="c">1</subfield>
      <subfield code="i">0162035246014</subfield>
      <subfield code="d">7/5/2016</subfield>
      <subfield code="e">6/10/2016</subfield>
      <subfield code="l">FLOOR_2</subfield>
      <subfield code="m">UAEDUC</subfield>
      <subfield code="n">5</subfield>
      <subfield code="p">$150.00</subfield>
      <subfield code="r">Y</subfield>
      <subfield code="s">Y</subfield>
      <subfield code="t">BOOK</subfield>
      <subfield code="u">3/4/2015</subfield>
   </datafield>
</record>
